@thesis{Abhau200501,
    author      = "Jochen Abhau",
    title       = "{D}ie {H}omologie von {M}odulräumen {R}iemannscher {F}lächen -- {B}e\-rech\-nung\-en für $g \le 2$",
    school      = "Rheinische Friedrich-Wil\-helms-Universität Bonn",
    type        = "Diplomarbeit",
    year        = "2005"
}

@online{Austern2003,
    author      = "Matthew Austern",
    title       = "{A} {P}roposal to {A}dd {H}ash {T}ables to the {S}tandard {L}ibrary (revision 4)",
    month       = "April",
    year        = "2003",
    howpublished= {\url{http://www.open-std.org/jtc1/sc22/wg21/docs/papers/2003/n1456.html}},
    note        = "Accessed: 2014-02-15"
}

@article{BenedettiLutz2014,
    author      = "Bruno Benedetti and Frank H. Lutz",
    title       = "{R}andom {D}iscrete {M}orse {T}heory and a {N}ew {L}ibrary of {T}riangulations",
    pages       = "66-94",
    year        = "2014",
    volume      = "23",
    journal     = "Experimental Mathematics",
    number      = "1"
}
    
@misc{Beuchler201402,
    author        = "Sven Beuchler",
    month         = "February",
    year          = "2014",
    howpublished  = "Personal communication"
}

@article{Boedigheimer19901,
    author      = "Carl-Friedrich Bödigheimer",
    title       = "{On} the topology of moduli spaces of {R}iemann surfaces. {P}art {I} : {H}ilbert {U}niformization",
    year        = "1990",
    journal     = "Mathematica Gottingensis"
}

@article{Boedigheimer19902,
    author      = "Carl-Friedrich Bödigheimer",
    title       = "{O}n the topology of moduli spaces of {R}iemann surfaces. {P}art {II}: {H}omology {O}perations",
    year        = "1990",
    journal     = "Mathematica Gottingensis"
}

@incollection{BoedigheimerTillmann2001,
    author	= "Bödigheimer, Carl-Friedrich and Tillmann, Ulrike",
    title	= "{S}tripping and splitting decorated mapping class groups",
    year	= "2001",
    booktitle	= "Cohomological Methods in Homotopy Theory",
    volume	= "196",
    series	= "Progress in Mathematics",
    publisher	= "Birkhäuser Basel",
    pages	= "47-57"
}

@article{Boedigheimer2003,
    author      = "Carl-Friedrich Bödigheimer",
    title       = "The moduli space of {R}iemann surfaces with boundary",
    year        = "2003",
    journal     = "Preprint"
}

@article{Boedigheimer2006,
    author      = "Carl-Friedrich Bödigheimer",
    title       = "{C}onfiguration models for moduli spaces of {R}iemann surfaces with boundary",
    year        = "2006",
    journal     = "Abhandlungen aus dem Mathematischen Seminar der Universität Hamburg",
    volume      = "76",
    pages       = "191-233"
}

@misc{Boedigheimer201314,
    author        = "Carl-Friedrich Bödigheimer",
    year          = "2013-2014",
    howpublished  = "Personal communication"
}

@online{boost,
    author      = "Beman G. Dawes et al",
    title       = "boost {C++} libraries",
    year        = "1998 - 2013",
    shorthand   = "boost"
}

@book{Brown198211,
    author      = "Kenneth S. Brown",
    title       = "Cohomology of Groups",
    publisher   = "Springer",
    year        = "1982",
    month       = "11"
}

@book{CohenLadaMay1976,
    AUTHOR      = "Cohen, Frederick R. and Lada, Thomas J. and May, J. Peter",
    TITLE       = "The homology of iterated loop spaces",
    SERIES      = "Lecture Notes in Mathematics Vol. 533",
    PUBLISHER   = "Springer-Verlag, Berlin-New York",
    YEAR        = "1976",
    PAGES       = "vii+490",
}

@book{Courant1950,
    AUTHOR      = "Richard Courant",
    TITLE       = "Dirichlet's principle, conformal mapping, and minimal surfaces",
    NOTE        = "With an appendix by M. Schiffer, Reprint of the 1950 original",
    PUBLISHER   = "Springer-Verlag, New York-Heidelberg",
    YEAR        = "1977",
    PAGES       = "xi+332",
}

@article {DyerLashof1962,
    AUTHOR      = "Dyer, Eldon and Lashof, Richard K.",
    TITLE       = "Homology of iterated loop spaces",
    JOURNAL     = "American Journal of Mathematics",
    VOLUME      = "84",
    YEAR        = "1962",
    PAGES       = "35--88",
}

@thesis{Ehrenfried1997,
    author      = "Ralf Ehrenfried",
    title       = "Die {H}omologie der {M}odulräume berandeter {R}iemannscher {F}lä\-chen von kleinem {G}eschlecht",
    type        = "Dissertation",
    school      = "Rheinische Friedrich-Wil\-helms-Uni\-ver\-si\-tät Bonn",
    year        = "1997",
}

@article{Forman2002,
    author      = "Robin Forman",
    title       = "{A} {U}ser's {G}uide to {D}iscrete {M}orse {T}heory",
    year        = "2002",
    journal     = "Séminaire Lotha\-ringien de Combinatoire",
    volume      = "48",
    pages       = "225--241"
}

@book{GeorgeLiu1981,
    author      = "Alan George and Joseph W.H. Liu",
    title       = "{C}omputer {S}olutions of {L}arge {S}parse {P}ositive {D}efinite {S}ystems",
    publisher   = "Prentice Hall",
    year        = "1981"
}

@online{GMP,
    author      = "Torbjörn Granlund et al",
    title       = "{GNU} multiple precision arithmetic library",
    year        = "1991 - 2013",
    shorthand   = "{GMP}"
}

@article{Godin2007,
    AUTHOR      = "Godin, Véronique",
    TITLE       = "The unstable integral homology of the mapping class groups of a surface with boundary",
    JOURNAL     = "Mathematische Annalen",
    VOLUME      = "337",
    YEAR        = "2007",
    NUMBER      = "1",
    PAGES       = "15--60"
}

@article {Harer1985,
    AUTHOR      = "Harer, John L.",
    TITLE       = "Stability of the homology of the mapping class groups of orientable surfaces",
    JOURNAL     = "Annals of Mathematics. Second Series",
    VOLUME      = "121",
    YEAR        = "1985",
    NUMBER      = "2",
    PAGES       = "215--249",
}

@article {Harer1991,
    AUTHOR      = "Harer, John L.",
    TITLE       = "The third homology group of the moduli space of curves",
    JOURNAL     = "Duke Mathematical Journal",
    VOLUME      = "63",
    YEAR        = "1991",
    NUMBER      = "1",
    PAGES       = "25--55"
}

@thesis{Hess2012,
    author      = "Alexander Hess",
    title       = "{F}actorable {M}onoids: {R}esolutions and {H}omology via {D}iscrete {M}orse {T}heory",
    type        = "Dissertation",
    school      = "Rheinische Friedrich-Wil\-helms-Universität Bonn",
    year        = "2012"
}

@book{Hilbert1909,
    author      = "David Hilbert",
    title       = "Zur Theorie der konformen Abbildung",
    publisher   = "Nachrichten von der Königlichen Ge\-sell\-schaft der Wiss\-en\-schaf\-ten  und der Georg-Augusts-Universität zu Göttingen",
    year        = "1909",
    pages       = "314-323"
}

@inproceedings{Jaeger2003,
    author      = "Jäger, Gerold",
    title       = "Parallel {A}lgorithm for {C}omputing the {S}mith {N}ormal {F}orm of {L}arge {M}atrices.",
    series      = "Lecture Notes in Computer Science",
    publisher   = "Springer",
    pages       = "170-179",
    volume      = "2840",
    year        = "2003"
}


@article{Jaeger2009,
    AUTHOR      = "Jäger, Gerold and Wagner, Clemens",
    TITLE       = "{E}fficient parallelization of {H}ermite and {S}mith normal form algorithms",
    JOURNAL     = "Parallel Computing. Systems \& Applications",
    VOLUME      = "35",
    YEAR        = "2009",
    NUMBER      = "6",
    PAGES       = "345--357",
    MRCLASS     = "65F30 (65Y05)"
}

@book{Josuttis2012,
    author      = "Nicolai M. Josuttis",
    title       = "The {C++} {S}tandard {L}ibrary: {A} {T}utorial and {R}eference",
    publisher   = "Addison-Wesley Professional",
    year        = "2012",
    month       = "April",
    edition     = "2"
}

@article{JoswigPfetsch2006,
    author      = "Joswig, Michael and Pfetsch, Marc E.",
    title       = "{C}omputing {O}ptimal {M}orse {M}atchings.",
    journal     = "SIAM Journal on Discrete Mathematics",
    number      = "1",
    pages       = "11-25",
    volume      = "20",
    year        = "2006"
}

@book{Koch199105,
    title       = "{I}ntroduction to {C}lassical {M}athematics {I}: {F}rom the {Q}uadratic {R}eciprocity {L}aw to the {U}niformization {T}heorem",
    author      = "Helmut Koch",
    publisher   = "Springer",
    year        = "1991",
}

@article {KorkmazMcCarthy2000,
    AUTHOR      = "Korkmaz, Mustafa and McCarthy, John D.",
    TITLE       = "Surface mapping class groups are ultrahopfian",
    JOURNAL     = "Mathematical Proceedings of the Cambridge Philosophical Society",
    VOLUME      = "129",
    YEAR        = "2000",
    NUMBER      = "1",
    PAGES       = "35--53"
}

@article {KorkmazStipsicz2003,
    AUTHOR      = "Korkmaz, Mustafa and Stipsicz, Andr{\'a}s I.",
    TITLE       = "The second homology groups of mapping class groups of oriented surfaces",
    JOURNAL     = "Mathematical Proceedings of the Cambridge Philosophical Society",
    VOLUME      = "134",
    YEAR        = "2003",
    NUMBER      = "3",
    PAGES       = "479--489"
}

@book {May1972,
    AUTHOR      = "May, J. Peter",
    TITLE       = "The geometry of iterated loop spaces",
    series      = "Lectures Notes in Mathematics Vol. 271",
    PUBLISHER   = "Springer-Verlag, Berlin-New York",
    YEAR        = "1972",
    PAGES       = "viii+175",
}

@book{MayPonto2012,
    author      = "J. Peter May and Kate Ponto",
    title       = "More {C}oncise {A}lgebraic {T}opology: {L}ocalization, {C}ompletion, and {M}odel {C}ategories",
    publisher   = "University of Chicago Press",
    year        = "2012",
    month       = "February"
}

@article {MadenWeiss2007,
    AUTHOR      = "Madsen, Ib and Weiss, Michael",
    TITLE       = "The stable moduli space of {R}iemann surfaces: {M}umford's conjecture",
    JOURNAL     = "Annals of Mathematics. Second Series",
    VOLUME      = "165",
    YEAR        = "2007",
    NUMBER      = "3",
    PAGES       = "843--941"
}

@thesis{Mehner201112,
    author      = "Stefan Mehner",
    title       = "{H}omologieberechnungen von {M}odulräumen {R}iemannscher {F}lä\-chen durch diskrete {M}orse-{T}heorie",
    school      = "Rheinische Friedrich-Wil\-helms-Uni\-versität Bonn",
    type        = "Diplomarbeit",
    year        = "2011"
}

@article {Mumford1967,
    AUTHOR      = "Mumford, David",
    TITLE       = "Abelian quotients of the {T}eichmüller modular group",
    JOURNAL     = "Journal d'Analyse Math\'ematique",
    VOLUME      = "18",
    YEAR        = "1967",
    PAGES       = "227--244"
}

@incollection {MR2484693,
    AUTHOR      = "Abhau, Jochen and Bödigheimer, Carl-Friedrich and Ehrenfried, Ralf",
    TITLE       = "Homology of the mapping class group {$\Gamma_{2,1}$} for surfaces of genus 2 with a boundary curve",
    BOOKTITLE   = "The {Z}ieschang {G}edenkschrift",
    SERIES      = "Geometry and Topology Monographs",
    VOLUME      = "14",
    PAGES       = "1--25",
    PUBLISHER   = "Geometry and Topology Publications",
    YEAR        = "2008"
}

@article {Powell1978,
    AUTHOR      = "Powell, Jerome",
    TITLE       = "Two theorems on the mapping class group of a surface",
    JOURNAL     = "Proceedings of the American Mathematical Society",
    VOLUME      = "68",
    YEAR        = "1978",
    NUMBER      = "3",
    PAGES       = "347--350"
}

@article {Sakasai2012,
    AUTHOR      = "Sakasai, Takuya",
    TITLE       = "Lagrangian mapping class groups from a group homological point of view",
    JOURNAL     = "Algebraic \& Geometric Topology",
    VOLUME      = "12",
    YEAR        = "2012",
    NUMBER      = "1",
    PAGES       = "267--291",
}

@book{Stroustrup2013,
    author      = "Bjarne Stroustrup",
    title       = "The C++ Programming Language, 4th Edition",
    publisher   = "Addi\-son-Wesley Professional",
    year        = "2013",
    month       = "May",
    edition     = "4"
}

@book{Spanier199412,
    title       = "{A}lgebraic {T}opology",
    author      = "Edwin H. Spanier",
    publisher   = "Springer",
    year        = "1994",
    month       = "12"
}

@misc{opac-b1083717,
   title 	= "Potential theory in modern function theory",
   author 	= "Tsuji, Masatsugu",
   publisher 	= "Maruzen",
   year	        = 1959
}

@incollection{Vershinin1998,
    AUTHOR      = "Vershinin, Vladimir V.",
    TITLE       = "Homology of braid groups and their generalizations",
    BOOKTITLE   = "Knot theory",
    SERIES      = "Banach Center Publications",
    VOLUME      = "42",
    PAGES       = "421--446",
    PUBLISHER   = "Polish Academy of Sciences",
    YEAR        = "1998",
}

@thesis{Visy201011,
    author      = "Balázs Visy",
    title       = "{F}actorable {G}roups and their {H}omology",
    school      = "Rheinische Friedrich-Wil\-helms-Universität Bonn",
    type        = "Dissertation",
    year        = "2010"
}

@article {Wahl2008,
    AUTHOR      = "Wahl, Nathalie",
    TITLE       = "Homological stability for the mapping class groups of non-orientable surfaces",
    JOURNAL     = "Inventiones Mathematicae",
    VOLUME      = "171",
    YEAR        = "2008",
    NUMBER      = "2",
    PAGES       = "389--424",
}

@article{Wahl2012,
    title       = "Homological stability for mapping class groups of surfaces",
    author      = "Wahl, Nathalie",
    publisher   = "International Press of Boston",
    journal     = "Handbook of Moduli: Volume III",
    volume      = "3",
    pages       = "547-583",
    year        = "2012"
}

@incollection {Wahl2013,
    AUTHOR      = "Wahl, Nathalie",
    TITLE       = "The {M}umford conjecture, {M}adsen-{W}eiss and homological stability for mapping class groups of surfaces",
    BOOKTITLE   = "Moduli spaces of {R}iemann surfaces",
    SERIES      = "IAS/Park City Mathematics Series",
    VOLUME      = "20",
    PAGES       = "109--138",
    PUBLISHER   = "American Mathematical Society; IAS/Park City Mathematics Institute",
    YEAR        = "2013",
}


@thesis{Wang201102,
    author      = "Rui Wang",
    title       = "{H}omology {C}omputations for {M}apping {C}lass {G}roups, in particular for $\Gamma_{3,1}^0$",
    school      = "Rheinische Friedrich-Wil\-helms-Universität Bonn",
    type        = "Dissertation",
    year        = "2011"
}

@book{Weibel1995,
    author      = "Charles A. Weibel",
    title       = "{A}n {I}ntroduction to {H}omological {A}lgebra",
    publisher   = "Cambridge University Press",
    year        = "1995",
    month       = "10"
}
